<?xml version="1.0" encoding="UTF-8"?><collection xmlns="http://www.loc.gov/MARC21/slim"><record><leader>00633nam--2200193-i-4500</leader><controlfield tag="001">000043713</controlfield><controlfield tag="002">20161230</controlfield><controlfield tag="005">20161230201044</controlfield><controlfield tag="008">060222s1000------------r-----000-0-eng-d</controlfield><datafield ind1=" " ind2=" " tag="040"><subfield code="a">IFIN-HH</subfield></datafield><datafield ind1=" " ind2=" " tag="080"><subfield code="a">539.213(061.3):538.91(061.3)</subfield></datafield><datafield ind1="1" ind2=" " tag="100"><subfield code="a">Lucovsky, G</subfield></datafield><datafield ind1="1" ind2="0" tag="245"><subfield code="a">Structure and excitations of amorphous solids (williamsburg, va., 1976) aip conference proceedings. nmber 31</subfield><subfield code="c">G. lucovsky, f.l. galeener (eds.)</subfield></datafield><datafield ind1=" " ind2=" " tag="260"><subfield code="a">New York</subfield><subfield code="b">American Institute Of Physics</subfield><subfield code="c">1976</subfield></datafield><datafield ind1=" " ind2=" " tag="300"><subfield code="a">403P</subfield></datafield><datafield ind1=" " ind2=" " tag="490"><subfield code="a">Aip Conference Proceedings, 31</subfield></datafield><datafield ind1="1" ind2=" " tag="700"><subfield code="a">Galeener,F.L</subfield><subfield code="e">Ed</subfield></datafield><datafield ind1=" " ind2=" " tag="852"><subfield code="a">37027</subfield><subfield code="c">53</subfield></datafield><datafield ind1=" " ind2=" " tag="CAT"><subfield code="a">Sys</subfield><subfield code="c">20150313</subfield><subfield code="h">095500</subfield></datafield></record></collection>